%%%%%%%%%%%%%%%%%%%%%%%%%%%
%%%% MEGA Bibliography %%%%
%%%%%%%%%%%%%%%%%%%%%%%%%%%

@Article{Bertini,
       author = {Bates, D.J. and Hauenstein, J.D. and Sommese, A.J.
                 and Wampler, C.W.},
       title = {Bertini: Software for Numerical Algebraic Geometry},
howpublished = {Available at {\tt http://www.nd.edu/\~{}sommese/bertini}}
}

@inproceedings{HCJL,
  title={Homotopy{C}ontinuation.jl: {A} {P}ackage for {H}omotopy {C}ontinuation in {J}ulia},
  author={Breiding, P. and Timme, S.},
  booktitle={International Congress on Mathematical Software},
  pages={458--465},
  year={2018},
  publisher={Springer}
}

@Article{BRT,
  author = 	 {Breiding, P. and Rose, K. and Timme, S.},
  title = 	 {Certifying zeros of polynomial systems using interval arithmetic},
  OPThowpublished = {},
  OPTmonth = 	 {},
  year = 	 {2020},
  note = 	 {{\tt arXiv:2011.05000}},
  OPTannote = 	 {}
}

@article{DM,
  title={Sur la vari{\'e}t{\'e} des espaces lin{\'e}aires contenus dans une intersection compl{\`e}te},
  author={O. Debarre and L. Manivel},
  journal={Mathematische Annalen},
  year={1998},
  volume={312},
  pages={549-574}
}

@Article{Harris,
  author = {Harris, J.},
  title = {Galois groups of enumerative problems},
  journal = {Duke Math. Journal},
  volume = {46},
  year = {1979},
  number = {4},
  pages = {685--724}
}

@article{HK,
author = "Hashimoto, S. and Kadets, B.",
title = "38406501359372282063949 and all that: Monodromy of {F}ano Problems",
journal = {International Mathematics Research Notices},
year = "2020",
note = {rnaa275, {\tt arxiv:2002.04580}},
DOI = {10.1093/imrn/rnaa275}
}

@book {Hatcher,
    AUTHOR = {Hatcher, A.},
     TITLE = {Algebraic topology},
 PUBLISHER = {Cambridge University Press, Cambridge},
      YEAR = {2002},
     PAGES = {xii+544},
      ISBN = {0-521-79160-X; 0-521-79540-0},
}

@Article{ngalois,
    AUTHOR = {Hauenstein, J.D. and Rodriguez, J.I. and Sottile, F.},
     TITLE = {Numerical {C}omputation of {G}alois {G}roups},
   JOURNAL = {Found. Comput. Math.},
    VOLUME = {18},
      YEAR = {2018},
    NUMBER = {4},
     PAGES = {867--890},
}

@Article{alphaCertified,
  author = 	 {Hauenstein, J.D. and Sottile, F.},
  title = 	 {Algorithm 921: alpha{C}ertified:  {C}ertifying solutions to polynomial systems},
  journal = 	 {ACM Trans. Math. Softw.},
  year = 	 {2012},
  volume = 	 {38},
  number = 	 {4},
  pages = 	 {28},
}

@article{Hermite,
  title={Sur les fonctions alg{\'e}briques},
  author={Hermite, C.},
  journal={CR Acad. Sci.(Paris)},
  volume={32},
  pages={458--461},
  year={1851}
}

@Book{Jordan,
  author =       {C. Jordan},
  title =        {Trait\'e des {S}ubstitutions et des \'{E}quations alg\'ebriques },
  publisher =    {Gauthier-Villars, Paris},
  year =         {1870},
}

@Article{NAG4M2,
  author = {Leykin, A.},
  title = {{N}umerical {A}lgebraic {G}eometry},
  journal = {The Journal of Software for Algebra and Geometry},
  volume = {3},
  pages = {5-10},
  year = {2011},
  note = {Available at {\tt http://j-sag.org/volume3.html}}
}

@article {SmaleShub,
    AUTHOR = {Shub, Michael and Smale, Steve},
     TITLE = {Complexity of {B}\'{e}zout's theorem. {I}. {G}eometric aspects},
   JOURNAL = {J. Amer. Math. Soc.},
  FJOURNAL = {Journal of the American Mathematical Society},
    VOLUME = {6},
      YEAR = {1993},
    NUMBER = {2},
     PAGES = {459--501},
      ISSN = {0894-0347},
   MRCLASS = {65H20 (58F14)},
  MRNUMBER = {1175980},
MRREVIEWER = {Gerd P\"{o}nisch},
       DOI = {10.2307/2152805},
       URL = {https://doi.org/10.2307/2152805},
}

@Misc{GGEGA,
  author = 	 {Sottile, Frank and Yahl, Thomas},
  title = 	 {Galois groups in enumerative geometry and applications},
  OPThowpublished = {},
  OPTmonth = 	 {},
  year = 	 {2021},
  note = 	 {{\tt arXiv:2108.07905}},
  OPTannote = 	 {}
}

@Misc{GithubRepo,
  OPTkey = 	 {},
  author = 	 {Yahl, T.},
  title = 	 {Data and tools for computing Galois groups of Fano problems},
  OPThowpublished = {},
  OPTmonth = 	 {},
  year = 	 {2022},
  note = 	 {{\tt https://github.com/tjyahl/FanoGaloisGroups}},
  OPTannote = 	 {}
}

@article {DS,
    AUTHOR = {Dedieu, Jean-Pierre and Shub, Mike},
     TITLE = {On simple double zeros and badly conditioned zeros of analytic
              functions of {$n$} variables},
   JOURNAL = {Math. Comp.},
  FJOURNAL = {Mathematics of Computation},
    VOLUME = {70},
      YEAR = {2001},
    NUMBER = {233},
     PAGES = {319--327},
      ISSN = {0025-5718},
   MRCLASS = {65E05 (58K20 65H05)},
  MRNUMBER = {1680867},
MRREVIEWER = {Klaus Ritter},
       DOI = {10.1090/S0025-5718-00-01194-7},
       URL = {https://doi.org/10.1090/S0025-5718-00-01194-7},
}

@incollection {Rump,
    AUTHOR = {Rump, Siegfried M.},
     TITLE = {Solving algebraic problems with high accuracy},
 BOOKTITLE = {Parallel and large-scale computers: performance, architecture,
              applications ({M}ontreal, {Q}ue., 1982)},
    SERIES = {IMACS Trans. Sci. Comput., II},
     PAGES = {299--300},
 PUBLISHER = {IMACS, New Brunswick, NJ},
      YEAR = {1983},
   MRCLASS = {65J99},
  MRNUMBER = {751813},
}

@book {Mayer,
    AUTHOR = {Mayer, G\"{u}nter},
     TITLE = {Interval analysis---and automatic result verification},
    SERIES = {De Gruyter Studies in Mathematics},
    VOLUME = {65},
 PUBLISHER = {De Gruyter, Berlin},
      YEAR = {2017},
     PAGES = {xiii+516},
      ISBN = {978-3-11-050063-9; 978-3-11-049805-9},
   MRCLASS = {65G30 (65G20 68T15 68W30)},
  MRNUMBER = {3726854},
MRREVIEWER = {Ferenc Agoston Bartha},
       DOI = {10.1515/9783110499469},
       URL = {https://doi.org/10.1515/9783110499469},
}