%%%%%%%%%%%%%
%%%% BIB %%%%
%%%%%%%%%%%%%

@inproceedings{HCJL,
  title={Homotopy{C}ontinuation.jl: {A} {P}ackage for {H}omotopy {C}ontinuation in {J}ulia},
  author={Breiding, P. and Timme, S.},
  booktitle={International Congress on Mathematical Software},
  pages={458--465},
  year={2018},
  publisher={Springer}
}

@Misc{BRT,
  author = 	 {Breiding, P. and Rose, K. and Timme, S.},
  title = 	 {Certifying zeros of polynomial systems using interval arithmetic},
  OPThowpublished = {},
  OPTmonth = 	 {},
  year = 	 {2020},
  note = 	 {{\tt arXiv:2011.05000}},
  OPTannote = 	 {}
}

@article{DM,
  title={Sur la vari{\'e}t{\'e} des espaces lin{\'e}aires contenus dans une intersection compl{\`e}te},
  author={O. Debarre and L. Manivel},
  journal={Mathematische Annalen},
  year={1998},
  volume={312},
  pages={549-574}
}

@Misc{M2,
      author = {Grayson, D.R. and Stillman, M.E.},
      title = {Macaulay2, a software system for research in algebraic geometry},
      howpublished = {Available at {\tt http://www.math.uiuc.edu/Macaulay2/}}
}

@Article{Harris,
  author = {Harris, J.},
  title = {Galois groups of enumerative problems},
  journal = {Duke Math. Journal},
  volume = {46},
  year = {1979},
  number = {4},
  pages = {685--724}
}

@article{HK,
author = "Hashimoto, S. and Kadets, B.",
title = "38406501359372282063949 and all that: Monodromy of {F}ano Problems",
journal = {International Mathematics Research Notices},
year = "2020",
note = {rnaa275, {\tt arxiv:2002.04580}},
DOI = {10.1093/imrn/rnaa275}
}

@Article{alphaCertified,
  author = 	 {Hauenstein, J.D. and Sottile, F.},
  title = 	 {Algorithm 921: alpha{C}ertified:  {C}ertifying solutions to polynomial systems},
  journal = 	 {ACM Trans. Math. Softw.},
  year = 	 {2012},
  volume = 	 {38},
  number = 	 {4},
  pages = 	 {28},
}

@Book{Jordan,
  author =       {C. Jordan},
  title =        {Trait\'e des {S}ubstitutions et des \'{E}quations alg\'ebriques },
  publisher =    {Gauthier-Villars, Paris},
  year =         {1870},
}

@Article{NAG4M2,
  author = {Leykin, A.},
  title = {{N}umerical {A}lgebraic {G}eometry},
  journal = {The Journal of Software for Algebra and Geometry},
  volume = {3},
  pages = {5-10},
  year = {2011},
  note = {Available at {\tt http://j-sag.org/volume3.html}}
}

@article {SmaleShub,
    AUTHOR = {Shub, Michael and Smale, Steve},
     TITLE = {Complexity of {B}\'{e}zout's theorem. {I}. {G}eometric aspects},
   JOURNAL = {J. Amer. Math. Soc.},
  FJOURNAL = {Journal of the American Mathematical Society},
    VOLUME = {6},
      YEAR = {1993},
    NUMBER = {2},
     PAGES = {459--501},
      ISSN = {0894-0347},
   MRCLASS = {65H20 (58F14)},
  MRNUMBER = {1175980},
MRREVIEWER = {Gerd P\"{o}nisch},
       DOI = {10.2307/2152805},
       URL = {https://doi.org/10.2307/2152805},
}

